 @online{mitref,
  author = {MIT},
  title = {{Single-Depot VRP},
  url = {http://web.mit.edu/urban_or_book/www/book/chapter6/6.4.12.html?fbclid=IwAR1zDl8TFCJN_CpyBHSPzOEDeM4HkdNhChjLKrELgG2OBoEN9cI6Wi1SXbM},
  urldate = {2019-12-20}}
